% I highly recommend using JabRef as your reference manager.

@online{CHEM,
  author = {{Center for Healthy and Efficient Mobility}},
  title = {Time Spent Searching For Parking},
  organization = {Center for Healthy and Efficient Mobility},
  url = {https://chem.tti.tamu.edu/indicator/time-spent-searching-for-parking/},
  urldate = {2025-05-02}
}

@online{ParkingLogix2024,
  author = {{Parking Logix}},
  title = {Myth or Fact: Parking Counting Systems Cost a Fortune},
  organization = {Parking Logix- Solutions for Safer, Smarter Parking Lots},
  url = {parkinglogix.com/myth-or-fact-parking-counting-systems-cost-a-fortune/},
  year = {2024},
  month = {10},
  day = {29},
  urldate = {2025-05-02}
}

@online{MarketResearchFuture2032,
  author = {{Market Research Future}},
  title = {Smart Parking Market Size, Growth, Trends, Report 2032},
  organization = {Market Research Future},
  url = {https://www.marketresearchfuture.com/reports/smart-parking-market-2323},
  urldate = {2025-05-02},
  note = {Accessed 2 May 2025}
}

@online{StraitsResearch2033,
  author = {{Straits Research}},
  title = {Parking Management Market Size, Share \& Growth Forecast by 2033},
  organization = {Straits Research},
  url = {https://straitsresearch.com/report/parking-management-market},
  urldate = {2025-05-02},
  note = {Accessed 2 May 2025}
}

@online{GrandViewResearch2030,
  author = {{Grand View Research}},
  title = {Automotive Sensor Market Size: Industry Report, 2030},
  organization = {Grand View Research},
  url = {https://www.grandviewresearch.com/industry-analysis/automotive-sensors-market},
  urldate = {2025-05-02},
  note = {Accessed 2 May 2025}
}

@online{moonlightMARL,
  title  = {Hierarchical Consensus-Based Multi-Agent Reinforcement Learning for Multi-Robot Cooperation Tasks},
  url    = {https://www.themoonlight.io/en/review/hierarchical-consensus-based-multi-agent-reinforcement-learning-for-multi-robot-cooperation-tasks},
  note   = {No date. Accessed: 2025-05-02}
}

@misc{Whiteson2020FactoredValue,
  author       = {Shimon Whiteson},
  title        = {Factored Value Functions for Cooperative Multi-Agent Reinforcement Learning},
  howpublished = {YouTube},
  year         = {2020},
  month        = {10},
  day          = {20},
  note         = {University of Oxford, Department of Computer Science. Joint work with Jakob Foerster et al.},
  url          = {https://www.youtube.com/watch?v=EsCwDYtBZ8M},
  urldate      = {2025-05-02}
}

@article{lowe2017multiagent,
  author       = {Ryan Lowe and Yi Wu and Aviv Tamar and Jean Harb and Pieter Abbeel and Igor Mordatch},
  title        = {Multi-Agent Actor-Critic for Mixed Cooperative-Competitive Environments},
  journal      = {arXiv preprint arXiv:1706.02275},
  year         = {2017},
  url          = {https://doi.org/10.48550/arxiv.1706.02275},
  note         = {Cornell University, arXiv:1706.02275},
}

@article{article,
author = {Shang, Jing and Meng, Shunmei and Hou, Jun and Zhao, Xiaoran and Zhou, Xiaokang and Jiang, Rong and Qi, Lianyong and Li, Qianmu},
year = {2025},
month = {01},
pages = {1-1},
title = {Graph-Based Cooperation Multi-Agent Reinforcement Learning for Intelligent Traffic Signal Control},
volume = {PP},
journal = {IEEE Internet of Things Journal},
doi = {10.1109/JIOT.2025.3525640}
}

@misc{amato2024introductioncentralizedtrainingdecentralized,
      title={An Introduction to Centralized Training for Decentralized Execution in Cooperative Multi-Agent Reinforcement Learning}, 
      author={Christopher Amato},
      year={2024},
      eprint={2409.03052},
      archivePrefix={arXiv},
      primaryClass={cs.LG},
      url={https://arxiv.org/abs/2409.03052}, 
}